@article{Nowzari:2012:SCR:2207287.2207546,
author = {C. Nowzari and J. Cort{\'e}s},
title = {Self-triggered Coordination of Robotic Networks for Optimal Deployment},
journal = {Automatica},
issue_date = {June, 2012},
volume = {48},
number = {6},
month = jun,
year = {2012},
issn = {0005-1098},
pages = {1077--1087},
numpages = {11},
url = {http://dx.doi.org/10.1016/j.automatica.2012.03.009},
doi = {10.1016/j.automatica.2012.03.009},
acmid = {2207546},
publisher = {Pergamon Press, Inc.},
address = {Tarrytown, NY, USA},
keywords = {Outdated information, Robotic networks, Self-triggered control, Set-valued analysis, Spatial partitioning},
} 

@article{Cortes:2004, 
author={J. {Cort{\'e}s} and S. {Mart{\'i}nez} and T. {Karatas} and F. {Bullo}}, 
journal={IEEE Transactions on Robotics and Automation}, 
title={Coverage control for mobile sensing networks}, 
year={2004}, 
volume={20}, 
number={2}, 
pages={243-255}, 
keywords={wireless sensor networks;mobile robots;distributed algorithms;sensor fusion;multi-robot systems;vehicles;mobile sensing networks;coverage control;centroidal Voronoi partitions;autonomous vehicle networks;mobile tunable sensor;asynchronous algorithms;distributed algorithms;gradient descent algorithms;Sensor phenomena and characterization;Remotely operated vehicles;Mobile robots;Temperature sensors;Biosensors;Animals;Optimization methods;Partitioning algorithms;Prototypes;Infrared sensors}, 
doi={10.1109/TRA.2004.824698}, 
ISSN={2374-958X}, 
month={April},}

@article{FLAIRS1612802,
	author = {A. Adepegba and S. Miah and D. Spinello},
	title = {Multi-Agent Area Coverage Control Using Reinforcement Learning},
	conference = {Florida Artificial Intelligence Research Society Conference},
	year = {2016},
}

@article{deep, title={Deep Deterministic Policy Gradient}, url={https://spinningup.openai.com/en/latest/algorithms/ddpg.html}, journal={Deep Deterministic Policy Gradient - Spinning Up Documentation}}
